%% This BibTeX bibliography file was created using BibDesk.
%% http://bibdesk.sourceforge.net/

%% Created for Sean Bittner at 2020-05-05 17:11:39 -0400 


%% Saved with string encoding Unicode (UTF-8) 



@article{billeh2019systematic,
	Author = {Billeh, Yazan N and Cai, Binghuang and Gratiy, Sergey L and Dai, Kael and Iyer, Ramakrishnan and Gouwens, Nathan W and Abbasi-Asl, Reza and Jia, Xiaoxuan and Siegle, Joshua H and Olsen, Shawn R and others},
	Date-Added = {2020-05-05 17:11:38 -0400},
	Date-Modified = {2020-05-05 17:11:38 -0400},
	Journal = {bioRxiv},
	Pages = {662189},
	Publisher = {Cold Spring Harbor Laboratory},
	Title = {Systematic Integration of Structural and Functional Data into Multi-Scale Models of Mouse Primary Visual Cortex},
	Year = {2019}}

@url{allen2018layer,
	Author = {(2018) Allen Institute for Brain Science},
	Date-Added = {2020-05-05 17:11:29 -0400},
	Date-Modified = {2020-05-05 17:11:29 -0400},
	Title = {Layer 4 Model of V1. Available from: https://portal.brain-map.org/explore/models/l4-mv1}}

@article{bittner2019interrogating,
	Author = {Bittner, Sean R and Palmigiano, Agostina and Piet, Alex T and Duan, Chunyu A and Brody, Carlos D and Miller, Kenneth D and Cunningham, John P},
	Date-Added = {2020-05-05 16:49:32 -0400},
	Date-Modified = {2020-05-05 16:49:32 -0400},
	Journal = {bioRxiv},
	Pages = {837567},
	Publisher = {Cold Spring Harbor Laboratory},
	Title = {Interrogating theoretical models of neural computation with deep inference},
	Year = {2019}}

@article{abbott2008theoretical,
	Author = {Abbott, Larry F},
	Journal = {Neuron},
	Number = {3},
	Pages = {489--495},
	Publisher = {Elsevier},
	Title = {Theoretical neuroscience rising},
	Volume = {60},
	Year = {2008}}

@article{prinz2004similar,
	Author = {Prinz, Astrid A and Bucher, Dirk and Marder, Eve},
	Journal = {Nature neuroscience},
	Number = {12},
	Pages = {1345},
	Publisher = {Nature Publishing Group},
	Title = {Similar network activity from disparate circuit parameters},
	Volume = {7},
	Year = {2004}}

@article{sussillo2014neural,
	Author = {Sussillo, David},
	Journal = {Current opinion in neurobiology},
	Pages = {156--163},
	Publisher = {Elsevier},
	Title = {Neural circuits as computational dynamical systems},
	Volume = {25},
	Year = {2014}}

@article{sussillo2013opening,
	Author = {Sussillo, David and Barak, Omri},
	Journal = {Neural computation},
	Number = {3},
	Pages = {626--649},
	Publisher = {MIT Press},
	Title = {Opening the black box: low-dimensional dynamics in high-dimensional recurrent neural networks},
	Volume = {25},
	Year = {2013}}

@article{werbos1990backpropagation,
	Author = {Werbos, Paul J},
	Journal = {Proceedings of the IEEE},
	Number = {10},
	Pages = {1550--1560},
	Publisher = {IEEE},
	Title = {Backpropagation through time: what it does and how to do it},
	Volume = {78},
	Year = {1990}}

@article{sussillo2009generating,
	Author = {Sussillo, David and Abbott, Larry F},
	Journal = {Neuron},
	Number = {4},
	Pages = {544--557},
	Publisher = {Elsevier},
	Title = {Generating coherent patterns of activity from chaotic neural networks},
	Volume = {63},
	Year = {2009}}

@inproceedings{martens2011learning,
	Author = {Martens, James and Sutskever, Ilya},
	Booktitle = {Proceedings of the 28th International Conference on Machine Learning (ICML-11)},
	Organization = {Citeseer},
	Pages = {1033--1040},
	Title = {Learning recurrent neural networks with hessian-free optimization},
	Year = {2011}}

@article{depasquale2018full,
	Author = {DePasquale, Brian and Cueva, Christopher J and Rajan, Kanaka and Abbott, LF and others},
	Journal = {PloS one},
	Number = {2},
	Pages = {e0191527},
	Publisher = {Public Library of Science},
	Title = {full-FORCE: A target-based method for training recurrent networks},
	Volume = {13},
	Year = {2018}}

@article{mastrogiuseppe2018linking,
	Author = {Mastrogiuseppe, Francesca and Ostojic, Srdjan},
	Journal = {Neuron},
	Number = {3},
	Pages = {609--623},
	Publisher = {Elsevier},
	Title = {Linking Connectivity, Dynamics, and Computations in Low-Rank Recurrent Neural Networks},
	Volume = {99},
	Year = {2018}}

@article{kingma2013auto,
	Author = {Kingma, Diederik P and Welling, Max},
	Journal = {arXiv preprint arXiv:1312.6114},
	Title = {Auto-encoding variational bayes},
	Year = {2013}}

@inproceedings{ranganath2014black,
	Author = {Ranganath, Rajesh and Gerrish, Sean and Blei, David},
	Booktitle = {Artificial Intelligence and Statistics},
	Pages = {814--822},
	Title = {Black box variational inference},
	Year = {2014}}

@article{loaiza2017maximum,
	Author = {Loaiza-Ganem, Gabriel and Gao, Yuanjun and Cunningham, John P},
	Journal = {arXiv preprint arXiv:1701.03504},
	Title = {Maximum entropy flow networks},
	Year = {2017}}

@article{gelman2013philosophy,
	Author = {Gelman, Andrew and Shalizi, Cosma Rohilla},
	Journal = {British Journal of Mathematical and Statistical Psychology},
	Number = {1},
	Pages = {8--38},
	Publisher = {Wiley Online Library},
	Title = {Philosophy and the practice of Bayesian statistics},
	Volume = {66},
	Year = {2013}}

@article{russo2018motor,
	Author = {Russo, Abigail A and Bittner, Sean R and Perkins, Sean M and Seely, Jeffrey S and London, Brian M and Lara, Antonio H and Miri, Andrew and Marshall, Najja J and Kohn, Adam and Jessell, Thomas M and others},
	Journal = {Neuron},
	Number = {4},
	Pages = {953--966},
	Publisher = {Elsevier},
	Title = {Motor cortex embeds muscle-like commands in an untangled population response},
	Volume = {97},
	Year = {2018}}

@article{dipoppa2018vision,
	Author = {Dipoppa, Mario and Ranson, Adam and Krumin, Michael and Pachitariu, Marius and Carandini, Matteo and Harris, Kenneth D},
	Journal = {Neuron},
	Number = {3},
	Pages = {602--615},
	Publisher = {Elsevier},
	Title = {Vision and locomotion shape the interactions between neuron types in mouse visual cortex},
	Volume = {98},
	Year = {2018}}

@article{bittner2019learning,
	Author = {Bittner, Sean and Cunningham, John},
	Journal = {(In Prep)},
	Number = {?},
	Pages = {?--?},
	Publisher = {in review},
	Title = {Learning exponential families},
	Volume = {?},
	Year = {2019}}

@article{rezende2015variational,
	Author = {Rezende, Danilo Jimenez and Mohamed, Shakir},
	Journal = {arXiv preprint arXiv:1505.05770},
	Title = {Variational inference with normalizing flows},
	Year = {2015}}

@article{pfeffer2013inhibition,
	Author = {Pfeffer, Carsten K and Xue, Mingshan and He, Miao and Huang, Z Josh and Scanziani, Massimo},
	Journal = {Nature neuroscience},
	Number = {8},
	Pages = {1068},
	Publisher = {Nature Publishing Group},
	Title = {Inhibition of inhibition in visual cortex: the logic of connections between molecularly distinct interneurons},
	Volume = {16},
	Year = {2013}}

@inproceedings{tran2017hierarchical,
	Author = {Tran, Dustin and Ranganath, Rajesh and Blei, David},
	Booktitle = {Advances in Neural Information Processing Systems},
	Pages = {5523--5533},
	Title = {Hierarchical implicit models and likelihood-free variational inference},
	Year = {2017}}

@book{harris1992dynamic,
	Author = {Harris-Warrick, Ronald M and Marder, Eve and Selverston, Allen I and Moulins, Maurice},
	Publisher = {MIT press},
	Title = {Dynamic biological networks: the stomatogastric nervous system},
	Year = {1992}}

@inproceedings{tran2017hierarchical,
	Author = {Tran, Dustin and Ranganath, Rajesh and Blei, David},
	Booktitle = {Advances in Neural Information Processing Systems},
	Pages = {5523--5533},
	Title = {Hierarchical implicit models and likelihood-free variational inference},
	Year = {2017}}

@article{ozeki2009inhibitory,
	Author = {Ozeki, Hirofumi and Finn, Ian M and Schaffer, Evan S and Miller, Kenneth D and Ferster, David},
	Journal = {Neuron},
	Number = {4},
	Pages = {578--592},
	Publisher = {Elsevier},
	Title = {Inhibitory stabilization of the cortical network underlies visual surround suppression},
	Volume = {62},
	Year = {2009}}

@article{russo2018motor,
	Author = {Russo, Abigail A and Bittner, Sean R and Perkins, Sean M and Seely, Jeffrey S and London, Brian M and Lara, Antonio H and Miri, Andrew and Marshall, Najja J and Kohn, Adam and Jessell, Thomas M and others},
	Journal = {Neuron},
	Number = {4},
	Pages = {953--966},
	Publisher = {Elsevier},
	Title = {Motor cortex embeds muscle-like commands in an untangled population response},
	Volume = {97},
	Year = {2018}}

@book{bertsekas2014constrained,
	Author = {Bertsekas, Dimitri P},
	Publisher = {Academic press},
	Title = {Constrained optimization and Lagrange multiplier methods},
	Year = {2014}}

@article{wang2018flexible,
	Author = {Wang, Jing and Narain, Devika and Hosseini, Eghbal A and Jazayeri, Mehrdad},
	Journal = {Nature neuroscience},
	Number = {1},
	Pages = {102},
	Publisher = {Nature Publishing Group},
	Title = {Flexible timing by temporal scaling of cortical responses},
	Volume = {21},
	Year = {2018}}

@article{elsayed2017structure,
	Author = {Elsayed, Gamaleldin F and Cunningham, John P},
	Journal = {Nature neuroscience},
	Number = {9},
	Pages = {1310},
	Publisher = {Nature Publishing Group},
	Title = {Structure in neural population recordings: an expected byproduct of simpler phenomena?},
	Volume = {20},
	Year = {2017}}
