%% This BibTeX bibliography file was created using BibDesk.
%% http://bibdesk.sourceforge.net/

%% Created for Sean Bittner at 2019-12-19 12:22:25 -0500 


%% Saved with string encoding Unicode (UTF-8) 
@article{bondanelli2020coding,
  title={Coding with transient trajectories in recurrent neural networks},
  author={Bondanelli, Giulio and Ostojic, Srdjan},
  journal={PLoS computational biology},
  volume={16},
  number={2},
  pages={e1007655},
  year={2020},
  publisher={Public Library of Science}
}



@article{bittner2019interrogating,
	Author = {Bittner, Sean R and Palmigiano, Agostina and Piet, Alex T and Duan, Chunyu A and Brody, Carlos D and Miller, Kenneth D and Cunningham, John P},
	Date-Added = {2019-12-19 12:19:56 -0500},
	Date-Modified = {2019-12-19 12:19:56 -0500},
	Journal = {bioRxiv},
	Pages = {837567},
	Publisher = {Cold Spring Harbor Laboratory},
	Title = {Interrogating theoretical models of neural computation with deep inference},
	Year = {2019}}
