%% This BibTeX bibliography file was created using BibDesk.
%% http://bibdesk.sourceforge.net/

%% Created for Sean Bittner at 2021-01-16 15:28:56 -0500 


%% Saved with string encoding Unicode (UTF-8) 



@article{sisson2007sequential,
	author = {Sisson, Scott A and Fan, Yanan and Tanaka, Mark M},
	date-added = {2021-01-16 15:28:54 -0500},
	date-modified = {2021-01-16 15:28:54 -0500},
	journal = {Proceedings of the National Academy of Sciences},
	number = {6},
	pages = {1760--1765},
	publisher = {National Acad Sciences},
	title = {Sequential monte carlo without likelihoods},
	volume = {104},
	year = {2007}}

@article{gonccalves2020training,
	author = {Gon{\c{c}}alves, Pedro J and Lueckmann, Jan-Matthis and Deistler, Michael and Nonnenmacher, Marcel and {\"O}cal, Kaan and Bassetto, Giacomo and Chintaluri, Chaitanya and Podlaski, William F and Haddad, Sara A and Vogels, Tim P and others},
	date-added = {2021-01-16 15:28:39 -0500},
	date-modified = {2021-01-16 15:28:39 -0500},
	journal = {bioRxiv},
	pages = {838383},
	publisher = {Cold Spring Harbor Laboratory},
	title = {Training deep neural density estimators to identify mechanistic models of neural dynamics},
	year = {2020}}

@article{duan2018collicular,
	author = {Duan, Chunyu A and Pagan, Marino and Piet, Alex T and Kopec, Charles D and Akrami, Athena and Riordan, Alexander J and Erlich, Jeffrey C and Brody, Carlos D},
	date-added = {2021-01-16 15:19:56 -0500},
	date-modified = {2021-01-16 15:19:56 -0500},
	journal = {bioRxiv},
	pages = {245613},
	publisher = {Cold Spring Harbor Laboratory},
	title = {Collicular circuits for flexible sensorimotor routing},
	year = {2018}}

@article{bondanelli2020coding,
	author = {Bondanelli, Giulio and Ostojic, Srdjan},
	date-added = {2021-01-16 15:19:45 -0500},
	date-modified = {2021-01-16 15:19:45 -0500},
	journal = {PLoS computational biology},
	number = {2},
	pages = {e1007655},
	publisher = {Public Library of Science},
	title = {Coding with transient trajectories in recurrent neural networks},
	volume = {16},
	year = {2020}}

@article{hennequin2018dynamical,
	author = {Hennequin, Guillaume and Ahmadian, Yashar and Rubin, Daniel B and Lengyel, M{\'a}t{\'e} and Miller, Kenneth D},
	date-added = {2021-01-16 15:12:12 -0500},
	date-modified = {2021-01-16 15:12:12 -0500},
	journal = {Neuron},
	number = {4},
	pages = {846--860},
	publisher = {Elsevier},
	title = {The dynamical regime of sensory cortex: stable dynamics around a single stimulus-tuned attractor account for patterns of noise variability},
	volume = {98},
	year = {2018}}

@article{gutierrez2013multiple,
	author = {Gutierrez, Gabrielle J and O'Leary, Timothy and Marder, Eve},
	date-added = {2021-01-16 15:10:53 -0500},
	date-modified = {2021-01-16 15:10:53 -0500},
	journal = {Neuron},
	number = {5},
	pages = {845--858},
	publisher = {Elsevier},
	title = {Multiple mechanisms switch an electrically coupled, synaptically inhibited neuron between competing rhythmic oscillators},
	volume = {77},
	year = {2013}}

@article{russo2020neural,
	author = {Russo, Abigail A and Khajeh, Ramin and Bittner, Sean R and Perkins, Sean M and Cunningham, John P and Abbott, LF and Churchland, Mark M},
	date-added = {2021-01-15 18:12:10 -0500},
	date-modified = {2021-01-15 18:12:10 -0500},
	journal = {Neuron},
	publisher = {Elsevier},
	title = {Neural Trajectories in the Supplementary Motor Area and Motor Cortex Exhibit Distinct Geometries, Compatible with Different Classes of Computation},
	year = {2020}}

@article{russo2018motor,
	author = {Russo, Abigail A and Bittner, Sean R and Perkins, Sean M and Seely, Jeffrey S and London, Brian M and Lara, Antonio H and Miri, Andrew and Marshall, Najja J and Kohn, Adam and Jessell, Thomas M and others},
	date-added = {2021-01-15 18:11:29 -0500},
	date-modified = {2021-01-15 18:11:29 -0500},
	journal = {Neuron},
	number = {4},
	pages = {953--966},
	publisher = {Elsevier},
	title = {Motor cortex embeds muscle-like commands in an untangled population response},
	volume = {97},
	year = {2018}}

@article{mlynarski2020statistical,
	author = {M{\l}ynarski, Wiktor and Hled{\'\i}k, Michal and Sokolowski, Thomas R and Tka{\v{c}}ik, Ga{\v{s}}per},
	date-added = {2021-01-14 21:25:37 -0500},
	date-modified = {2021-01-14 21:25:37 -0500},
	journal = {bioRxiv},
	pages = {848374},
	publisher = {Cold Spring Harbor Laboratory},
	title = {Statistical analysis and optimality of neural systems},
	year = {2020}}

@article{jaynes1957information,
	author = {Jaynes, Edwin T},
	date-added = {2020-04-16 09:47:36 -0400},
	date-modified = {2020-04-16 09:47:36 -0400},
	journal = {Physical review},
	number = {2},
	pages = {171},
	publisher = {APS},
	title = {Information theory and statistical mechanics. II},
	volume = {108},
	year = {1957}}

@article{papamakarios2018sequential,
	author = {Papamakarios, George and Sterratt, David C and Murray, Iain},
	date-added = {2020-04-15 11:57:06 -0400},
	date-modified = {2020-04-15 11:57:06 -0400},
	journal = {arXiv preprint arXiv:1805.07226},
	title = {Sequential neural likelihood: Fast likelihood-free inference with autoregressive flows},
	year = {2018}}

@article{gonccalves2019training,
	author = {Gon{\c{c}}alves, Pedro J and Lueckmann, Jan-Matthis and Deistler, Michael and Nonnenmacher, Marcel and {\"O}cal, Kaan and Bassetto, Giacomo and Chintaluri, Chaitanya and Podlaski, William F and Haddad, Sara A and Vogels, Tim P and others},
	date-added = {2020-04-14 16:38:24 -0400},
	date-modified = {2020-04-14 16:38:24 -0400},
	journal = {bioRxiv},
	pages = {838383},
	publisher = {Cold Spring Harbor Laboratory},
	title = {Training deep neural density estimators to identify mechanistic models of neural dynamics},
	year = {2019}}

@article{bittner2019interrogating,
	author = {Bittner, Sean R and Palmigiano, Agostina and Piet, Alex T and Duan, Chunyu A and Brody, Carlos D and Miller, Kenneth D and Cunningham, John P},
	date-added = {2020-04-14 16:37:54 -0400},
	date-modified = {2020-04-14 16:37:54 -0400},
	journal = {bioRxiv},
	pages = {837567},
	publisher = {Cold Spring Harbor Laboratory},
	title = {Interrogating theoretical models of neural computation with deep inference},
	year = {2019}}

@article{bittner2019approximating,
	author = {Bittner, Sean R and Cunningham, John P},
	date-added = {2020-04-14 16:37:33 -0400},
	date-modified = {2020-04-15 12:08:37 -0400},
	journal = {ICML Workshop on Invertible Neural Networks and Normalizing Flows},
	title = {Approximating exponential family models (not single distributions) with a two-network architecture},
	year = {2019}}
